@article{schmid2008boosting,
  title={Boosting additive models using component-wise P-splines},
  author={Schmid, Matthias and Hothorn, Torsten},
  journal={Computational Statistics \& Data Analysis},
  volume={53},
  number={2},
  pages={298--311},
  year={2008},
  publisher={Elsevier}
}

@Manual{R,
    title = {R: A Language and Environment for Statistical Computing},
    author = {{R Core Team}},
    organization = {R Foundation for Statistical Computing},
    address = {Vienna, Austria},
    year = {2016},
    url = {https://www.R-project.org/},
}